@inproceedings{haridi1988andorra,
  title={ANDORRA Prolog-An Integration of Prolog and Committed Choice Languages.},
  author={Haridi, Seif and Brand, Per},
  booktitle={FGCS},
  pages={745--754},
  year={1988}
}